<?xml version="1.0" encoding="UTF-8"?><collection xmlns="http://www.loc.gov/MARC21/slim"><record><leader>00498nam--2200169-i-4500</leader><controlfield tag="001">000001040</controlfield><controlfield tag="002">20161230</controlfield><controlfield tag="005">20161230201024</controlfield><controlfield tag="008">060222s1000------------r-----000-0-eng-d</controlfield><datafield ind1=" " ind2=" " tag="080"><subfield code="a">514.76</subfield></datafield><datafield ind1=" " ind2=" " tag="100"><subfield code="a">Helgason, Sigurdur</subfield></datafield><datafield ind1=" " ind2=" " tag="245"><subfield code="a">Differential geometry, lie groups, and symetric spaces</subfield></datafield><datafield ind1=" " ind2=" " tag="260"><subfield code="a">New York, Academic Press, 1978</subfield></datafield><datafield ind1=" " ind2=" " tag="300"><subfield code="a">628 p</subfield></datafield><datafield ind1=" " ind2=" " tag="490"><subfield code="a">Pure And Applied Mathematics A Series Of Monographs And Textbooks</subfield><subfield code="v">vol. 80</subfield></datafield><datafield ind1=" " ind2=" " tag="852"><subfield code="a">13669</subfield></datafield><datafield ind1=" " ind2=" " tag="CAT"><subfield code="a">Sys</subfield><subfield code="c">20080401</subfield><subfield code="h">150414</subfield></datafield></record></collection>